<?xml version="1.0" encoding="UTF-8"?><collection xmlns="http://www.loc.gov/MARC21/slim"><record><leader>00332nam--2200121-i-4500</leader><controlfield tag="001">000045632</controlfield><controlfield tag="002">20161230</controlfield><controlfield tag="005">20161230201045</controlfield><controlfield tag="008">060222s1000------------r-----000-0-eng-d</controlfield><datafield ind1=" " ind2=" " tag="100"><subfield code="a">Udy M.J</subfield></datafield><datafield ind1=" " ind2=" " tag="245"><subfield code="a">Chromium., vol.2. metallurgy of chromium and its alloys</subfield></datafield><datafield ind1=" " ind2=" " tag="260"><subfield code="a">New York, Reinhold Publ.Corp., 1956, Viii + 402p</subfield></datafield><datafield ind1=" " ind2=" " tag="852"><subfield code="a">17003</subfield></datafield></record></collection>